@book{Eklund:2,
	location = {Lund},
	edition = {4. uppl..},
	title = {Arbeta i projekt : individen, gruppen, ledaren},
	isbn = {978-91-44-07275-3},
	publisher = {Studentlitteratur},
	author = {Eklund, Sven},
	year = {2011},
	keywords = {Project management, Projektadministration, Projektarbete}
}

@report{IT-BoF:3,
	title = {Vetenskaplighet - Utvärdering av tre implementeringsprojekt inom {IT} Bygg \& Fastighet 2002},
	url = {http://www.lth.se/fileadmin/projekteringsmetodik/research/Other_projects/utvarderingver1.pdf},
	institution = {Institutionen för Byggande och Arkitektur, Lunds Universitet},
	author = {Andersson, Niclas and Ekholm, Anders},
	year = {2002}
}

@online{Jacobson:4,
	title = {Essential Unified Process Guideline},
	url = {https://practicelibrary.ivarjacobson.com/sites/default/files/embedded-practices/Essential_Unified_Process_HTML_guidelines6/html/8e4bf73f-b3cb-4469-8998-6af3e309d4fe/Essential%20Unified%20Process_gd.html},
	abstract = {The Essential Unified Process ({EssUP}) is an agile, scalable, lightweight, iterative software development process suitable for use on most kinds of projects.},
	titleaddon = {Essential Unified Process},
	author = {Jacobson, Ivar},
	urldate = {2020-05-19},
	year = {2018},
	file = {Essential Unified Process Guideline:C\:\\Users\\Abyel Tesfay\\Zotero\\storage\\TBQUNBCK\\Essential Unified Process_gd.html:text/html}
}


@book{kniberg_scrum_2015,
	edition = {2nd Edition - Director's Cut},
	title = {Scrum and {XP} From the Trenches, How We Do Scrum},
	isbn = {978-1-329-22427-8},
	pagetotal = {169},
	publisher = {C4Media},
	author = {Henrik Kniberg},
	year = {2015}
}

@misc{object_management_group_kernel_2014,
	title = {Kernel and {Language} for {Software} {Engineering} {Methods} ({Essence})},
	copyright = {Object Management Group},
	shorttitle = {Essence},
	url = {https://www.omg.org/spec/Essence/1.0/},
	abstract = {The Kernel provides the common ground for defining software development practices. It includes the essential elements
that are always prevalent in every software engineering endeavor, such as Requirements, Software System, Team and
Work. These elements have states representing progress and health, so as the endeavor moves forward the states
associated with these elements progress. The Kernel among other things helps practitioners (e.g., architects, designers,
developers, testers, requirements engineers, process engineers, project managers, etc.) compare methods and make better
decisions about their practices.},
	language = {English},
	urldate = {2020-05-24},
	publisher = {ObjectManagementGroup},
	author = {OMG},
	year = {2014}
}

@report{Katter,
	author = {Annika Katter},
	title = {Förslag till en ekonomiskt hållbar projektmetod},
	type = {Examensarbete},
	institution = {Utbildningsprogrammet för Informationsbehandling},
	year = {2015},
	OPTlanguage = {Svenska},
	OPTlocation = {Helsingfors}	
}


@online{IntroAgileProjMan,
	ALTauthor = {PMI},
	ALTeditor = {Project Management Institute},
	title = {Introduction to Agile Project Management},
	year = {2013},
	url = {https://media.wiley.com/product_data/excerpt/44/11189910/1118991044-8.pdf}
}

@misc{AlphaStateCard,
	ALTauthor = {Jacobson Ivar},
	ALTeditor = {OMG},
	title = {Alpha State Cards: Reference Guide},
	year = {2013}
}

@misc{IndustrialScaleAgile,
	ALTauthor = {Jacobson, Spence, Seidewitz},
	ALTeditor = {acmqueue},
	title = {Industrial Scale Agile},
	year = {2016},
	OPTsubtitle = {from Craft to Engineering}
}

@report{SurveyofAgileTool,
	author = {Azizyan, Magarian, Kajo-Mattsson},
	title = {Survey of Agile Tool Usage and Needs},
	type = {report},
	institution = {KTH},
	year = {2000}
}

@book{KanbanAndScrum,
	author = {Kniberg, H. Skarin, M.},
	title = {Kanban and Scrum - Making the Most of Both},
	year = {2009}
}

@online{C4Model,
	title = {C4 Modellen},
	year = {2020},
	url = {https://c4model.com/},
	OPTurldate = {27052020},
}

